<?xml version = "1.0" encoding = "UTF-8"?><OAI-PMH xmlns="http://www.openarchives.org/OAI/2.0/" xmlns:xsi="http://www.w3.org/2001/XMLSchema-instance" xsi:schemaLocation="http://www.openarchives.org/OAI/2.0/ http://www.openarchives.org/OAI/2.0/OAI-PMH.xsd"><ListRecords><record><header><identifier>aleph-publish:037890469</identifier></header><metadata><record xmlns="http://www.ddb.de/professionell/mabxml/mabxml-1.xsd"><leader>00000nM2.01200024------h</leader><controlfield tag="LDR">00000nM2.01200024------h</controlfield><controlfield tag="FMT">MH</controlfield><datafield tag="001" ind1="-" ind2="1"><subfield code="a">HT021705150</subfield></datafield><datafield tag="002" ind1="a" ind2="1"><subfield code="a">20230126</subfield></datafield><datafield tag="026" ind1="-" ind2="1"><subfield code="a">HBZHT021705150</subfield></datafield><controlfield tag="030">a|zur||||||17</controlfield><datafield tag="036" ind1="a" ind2="1"><subfield code="a">XA-DE</subfield></datafield><datafield tag="037" ind1="b" ind2="1"><subfield code="a">ger</subfield></datafield><controlfield tag="050">||||||||g|||||</controlfield><controlfield tag="051">a|||||||</controlfield><datafield tag="060" ind1="-" ind2="1"><subfield code="b">txt</subfield><subfield code="a">Text</subfield></datafield><datafield tag="061" ind1="-" ind2="1"><subfield code="b">c</subfield><subfield code="a">Computermedien</subfield></datafield><datafield tag="062" ind1="-" ind2="1"><subfield code="b">cr</subfield><subfield code="a">Online-Ressource</subfield></datafield><datafield tag="070" ind1="-" ind2="1"><subfield code="a">HBZ/ALMA-NZ</subfield></datafield><datafield tag="070" ind1="a" ind2="1"><subfield code="a">DE-6</subfield></datafield><datafield tag="078" ind1="n" ind2="1"><subfield code="a">NWBib-6</subfield></datafield><datafield tag="080" ind1="-" ind2="1"><subfield code="a">60</subfield></datafield><datafield tag="084" ind1="i" ind2="1"><subfield code="I">marc-FMT via MARC2MAB</subfield><subfield code="F">FMT</subfield><subfield code="A">BK</subfield></datafield><datafield tag="084" ind1="s" ind2="1"><subfield code="F">008</subfield><subfield code="A">230126s2022####gw######o#####|||#|#ger#c</subfield></datafield><datafield tag="100" ind1="-" ind2="1"><subfield code="p">Grabbe, Katharina</subfield><subfield code="d">1978-</subfield><subfield code="9">(DE-588)129748552</subfield></datafield><datafield tag="331" ind1="-" ind2="1"><subfield code="a">&lt;&lt;Das&gt;&gt; gar nicht malerische und romantische Westfalen in Georg Weerths &quot;Die Armen in der Senne&quot;</subfield></datafield><datafield tag="359" ind1="-" ind2="1"><subfield code="a">Katharina Grabbe (Münster)</subfield></datafield><datafield tag="419" ind1="-" ind2="1"><subfield code="c">2022</subfield></datafield><datafield tag="425" ind1="a" ind2="1"><subfield code="a">2022</subfield></datafield><datafield tag="590" ind1="-" ind2="1"><subfield code="a">Grabbe-Jahrbuch</subfield></datafield><datafield tag="594" ind1="-" ind2="1"><subfield code="a">Bielefeld</subfield></datafield><datafield tag="595" ind1="-" ind2="1"><subfield code="a">2022</subfield></datafield><datafield tag="596" ind1="-" ind2="1"><subfield code="a">41. Jahrgang (2022), Seite [17]-31</subfield></datafield><datafield tag="599" ind1="-" ind2="1"><subfield code="a">HT020430169</subfield></datafield><datafield tag="599" ind1="s" ind2="1"><subfield code="a">3016659-7</subfield></datafield><datafield tag="655" ind1="e" ind2="1"><subfield code="u">https://nbn-resolving.org/urn:nbn:de:hbz:51:1-18482</subfield><subfield code="x">Resolving-System</subfield><subfield code="A">0</subfield></datafield><datafield tag="655" ind1="e" ind2="1"><subfield code="u">http://www.bibliothek.uni-regensburg.de/ezeit/?3016659</subfield><subfield code="x">EZB</subfield><subfield code="A">0</subfield></datafield><datafield tag="700" ind1="n" ind2="1"><subfield code="a">Detmold</subfield><subfield code="0">https://nwbib.de/spatial#Q3922</subfield></datafield><datafield tag="700" ind1="n" ind2="1"><subfield code="a">Regionalliteratur</subfield><subfield code="0">https://nwbib.de/subjects#N761020</subfield></datafield><datafield tag="700" ind1="n" ind2="1"><subfield code="a">Stoff-, Motiv- und Themenforschung</subfield><subfield code="0">https://nwbib.de/subjects#N761050</subfield></datafield><datafield tag="700" ind1="n" ind2="1"><subfield code="a">Westfalen</subfield><subfield code="0">https://nwbib.de/spatial#N04</subfield></datafield><datafield tag="700" ind1="n" ind2="1"><subfield code="a">Senne</subfield><subfield code="0">https://nwbib.de/spatial#Q767106</subfield></datafield><datafield tag="902" ind1="-" ind2="1"><subfield code="p">Weerth, Georg</subfield><subfield code="d">1822-1856</subfield><subfield code="t">&lt;&lt;Die&gt;&gt; Armen in der Senne</subfield><subfield code="9">(DE-588)1279219394</subfield></datafield><datafield tag="902" ind1="-" ind2="1"><subfield code="s">Westfalen</subfield><subfield code="h">Motiv</subfield><subfield code="9">(DE-588)4133960-5</subfield></datafield><datafield tag="902" ind1="-" ind2="1"><subfield code="s">Verelendung</subfield><subfield code="h">Motiv</subfield><subfield code="9">(DE-588)4373771-7</subfield></datafield><datafield tag="907" ind1="-" ind2="1"><subfield code="g">Senne</subfield><subfield code="h">Landschaft</subfield><subfield code="9">(DE-588)4054550-7</subfield></datafield><datafield tag="907" ind1="-" ind2="1"><subfield code="s">Literarisierung</subfield><subfield code="9">(DE-588)4364715-7</subfield></datafield><controlfield tag="SYS">037890469</controlfield></record></metadata></record></ListRecords></OAI-PMH>